<?xml version="1.0" encoding="UTF-8"?><collection xmlns="http://www.loc.gov/MARC21/slim"><record><leader>00701nam--2200193-i-4500</leader><controlfield tag="001">000015656</controlfield><controlfield tag="002">20161230</controlfield><controlfield tag="005">20161230201031</controlfield><controlfield tag="008">060222s1000------------r-----000-0-eng-d</controlfield><datafield ind1=" " ind2=" " tag="020"><subfield code="a">9971502186</subfield></datafield><datafield ind1=" " ind2=" " tag="040"><subfield code="a">IFIN-HH</subfield></datafield><datafield ind1=" " ind2=" " tag="080"><subfield code="a">539.141(061.3)</subfield></datafield><datafield ind1="1" ind2=" " tag="100"><subfield code="a">Oryu, S</subfield></datafield><datafield ind1="1" ind2="0" tag="245"><subfield code="a">Few-body approaches to nuclear reactions in tandem and cyclotron energy regions</subfield><subfield code="b">Proceedings of the international workshop on few-body approaches to nuclear reactions in tandem and cyclotron energy regions tokyo, august 22 - 24, 1986</subfield><subfield code="c">S. oryu, t. sawada (eds.)</subfield></datafield><datafield ind1=" " ind2=" " tag="260"><subfield code="a">Singapore</subfield><subfield code="b">World Scientific</subfield><subfield code="c">1987</subfield></datafield><datafield ind1=" " ind2=" " tag="300"><subfield code="a">290P</subfield></datafield><datafield ind1="1" ind2=" " tag="700"><subfield code="a">Sawada, T</subfield><subfield code="e">Ed</subfield></datafield><datafield ind1=" " ind2=" " tag="852"><subfield code="a">74675</subfield><subfield code="c">539.17</subfield></datafield><datafield ind1=" " ind2=" " tag="CAT"><subfield code="a">Sys</subfield><subfield code="c">20120625</subfield><subfield code="h">161903</subfield></datafield></record></collection>